
@misc{LDD3,
@misc{Driver,
  author = {Superpatterns},
  title = {A Simple Block Driver for Linux Kernel 2.6.31},
  howpublished = {\url{http://blog.superpat.com/2010/05/04/a-simple-block-driver-for-linux-kernel-2-6-31/}},
  note = {Accessed: 2017-11-12}
}

